<record><leader>00000cas a22000007a 4500</leader><controlfield tag="001">10319035</controlfield><controlfield tag="008">840120d18921924nbuwr ne      0    0eng  </controlfield><datafield ind1=" " ind2=" " tag="010"><subfield code="a">sn 84020076 </subfield></datafield><datafield ind1=" " ind2=" " tag="040"><subfield code="a">DLC</subfield><subfield code="b">eng</subfield><subfield code="c">DLC</subfield><subfield code="d">NVG</subfield><subfield code="d">OCLCQ</subfield><subfield code="d">OCLCO</subfield><subfield code="d">OCLCQ</subfield><subfield code="d">OCLCF</subfield></datafield><datafield ind1="1" ind2=" " tag="029"><subfield code="a">AU@</subfield><subfield code="b">000020409356</subfield></datafield><datafield ind1=" " ind2=" " tag="042"><subfield code="a">msc</subfield></datafield><datafield ind1=" " ind2=" " tag="043"><subfield code="a">n-us-nb</subfield></datafield><datafield ind1="0" ind2="0" tag="050"><subfield code="a">Newspaper 8663-X</subfield></datafield><datafield ind1="0" ind2="4" tag="245"><subfield code="a">The Greeley citizen.</subfield></datafield><datafield ind1=" " ind2=" " tag="260"><subfield code="a">Greeley, Neb. :</subfield><subfield code="b">P.J. Philbin,</subfield><subfield code="c">-1924.</subfield></datafield><datafield ind1=" " ind2=" " tag="300"><subfield code="a">v. :</subfield><subfield code="b">ill. (chiefly advertisements) ;</subfield><subfield code="c">69 cm.</subfield></datafield><datafield ind1=" " ind2=" " tag="310"><subfield code="a">Weekly,</subfield><subfield code="b">Apr. &lt;5&gt;, 1923-Dec. 11, 1924</subfield></datafield><datafield ind1=" " ind2=" " tag="321"><subfield code="a">Weekly,</subfield><subfield code="b">Sept. 1892-Aug. 15, 1918</subfield></datafield><datafield ind1=" " ind2=" " tag="321"><subfield code="a">Semiweekly,</subfield><subfield code="b">Aug. 19, 1918-&lt;Mar. 29&gt;, 1923</subfield></datafield><datafield ind1="1" ind2=" " tag="362"><subfield code="a">Began in Sept. 1892.</subfield></datafield><datafield ind1="0" ind2=" " tag="362"><subfield code="a">-v. 33, no. 19 (Dec. 11, 1924).</subfield></datafield><datafield ind1=" " ind2=" " tag="500"><subfield code="a">"Populist." Cf. Ayer, 1894.</subfield></datafield><datafield ind1=" " ind2=" " tag="580"><subfield code="a">Monday ed.: Citizen (Greeley, Neb.), 1918.</subfield></datafield><datafield ind1=" " ind2=" " tag="580"><subfield code="a">Merged with: Leader-independent, to form: Greeley citizen and the leader-independent.</subfield></datafield><datafield ind1=" " ind2=" " tag="588"><subfield code="a">Description based on: Vol. 26, no. 41 (May 30, 1918).</subfield></datafield><datafield ind1=" " ind2="0" tag="651"><subfield code="a">Greeley (Neb.)</subfield><subfield code="v">Newspapers.</subfield></datafield><datafield ind1=" " ind2="7" tag="655"><subfield code="a">Newspapers.</subfield><subfield code="2">fast</subfield><subfield code="0">(OCoLC)fst01423814</subfield></datafield><datafield ind1=" " ind2="7" tag="651"><subfield code="a">Nebraska</subfield><subfield code="z">Greeley.</subfield><subfield code="2">fast</subfield><subfield code="0">(OCoLC)fst01276256</subfield></datafield><datafield ind1=" " ind2=" " tag="752"><subfield code="a">United States</subfield><subfield code="b">Nebraska</subfield><subfield code="c">Greeley</subfield><subfield code="d">Greeley.</subfield></datafield><datafield ind1="1" ind2=" " tag="775"><subfield code="t">Citizen (Greeley, Neb.)</subfield></datafield><datafield ind1="1" ind2="7" tag="785"><subfield code="t">Leader-independent</subfield></datafield><datafield ind1="1" ind2="7" tag="785"><subfield code="t">Greeley citizen and the leader-independent</subfield></datafield></record>